@Article{tidyverse,
    title = {Welcome to the {tidyverse}},
    author = {Hadley Wickham and Mara Averick and Jennifer Bryan and Winston Chang and Lucy D'Agostino McGowan and Romain Fran\c{c}ois and Garrett Grolemund and Alex Hayes and Lionel Henry and Jim Hester and Max Kuhn and Thomas Lin Pedersen and Evan Miller and Stephan Milton Bache and Kirill M{\"u}ller and Jeroen Ooms and David Robinson and Dana Paige Seidel and Vitalie Spinu and Kohske Takahashi and Davis Vaughan and Claus Wilke and Kara Woo and Hiroaki Yutani},
    year = {2019},
    journal = {Journal of Open Source Software},
    volume = {4},
    number = {43},
    pages = {1686},
    doi = {10.21105/joss.01686},
  }

@Manual{stringr,
    title = {stringr: Simple, Consistent Wrappers for Common String Operations},
    author = {Hadley Wickham},
    year = {2023},
    note = {R package version 1.5.1},
    url = {https://CRAN.R-project.org/package=stringr},
  }
  
  @Article{jsonlite,
    title = {The jsonlite Package: A Practical and Consistent Mapping Between JSON Data and R Objects},
    author = {Jeroen Ooms},
    journal = {arXiv:1403.2805 [stat.CO]},
    year = {2014},
    url = {https://arxiv.org/abs/1403.2805},
  }
  
  
@inproceedings{Essentia,
  title={TensorFlow Audio Models in {Essentia}},
  author={Alonso-Jim{\'e}nez, Pablo and Bogdanov, Dmitry and Pons, Jordi and Serra, Xavier},
  booktitle={ICASSP 2020-2020 IEEE International Conference on Acoustics, Speech and Signal Processing (ICASSP)},
  pages={266--270},
  year={2020},
  organization={IEEE}
}

@inproceedings{Essentia2,
  title={Essentia: An audio analysis library for music information retrieval},
  author={Bogdanov, Dmitry and Wack, Nicolas and G{\'o}mez, Emilia and Gulati, Sankalp and Herrera, Perfecto and Mayor, Oscar and Roma, Gerard and Salamon, Justin and Zapata, Jos{\'e} and Serra, Xavier},
  booktitle={Proceedings of the 14th International Society for Music Information Retrieval Conference (ISMIR)},
  pages={493--498},
  year={2013},
  organization={ISMIR}
}

@misc{Song,
  title={Manchester Orchestra and The Front Bottoms Are Finally Together on "Allentown"},
  author={Ross, Alex Robert},
  year={2018},
  url={https://www.vice.com/en/article/manchester-orchestra-and-the-front-bottoms-are-finally-together-on-allentown/}
}

@misc{Shiny,
  author = {{The Data Science Collaboratory at Colgate University}},
  year = {2024},
  title = {Collaboratory Resources},
  howpublished = {Online Application},
  note = {Retrieved from \url{https://www.colgate.edu/about/campus-services-and-resources/data-science-collaboratory}}
}


cat("
@book{LIWC,
  author = {Pennebaker, James W. and Boyd, Ryan L. and Jordan, Kayla and Blackburn, Kate},
  title = {The Development and Psychometric Properties of LIWC2015},
  year = {2015},
  publisher = {LIWC.net}
}
", file = "liwc.bib")




@Book{ggplot2,
    author = {Hadley Wickham},
    title = {ggplot2: Elegant Graphics for Data Analysis},
    publisher = {Springer-Verlag New York},
    year = {2016},
    isbn = {978-3-319-24277-4},
    url = {https://ggplot2.tidyverse.org},
  }